@inproceedings{wan2000functional,
  title={Functional reactive programming from first principles},
  author={Wan, Zhanyong and Hudak, Paul},
  booktitle={ACM SIGPLAN Notices},
  volume={35},
  number={5},
  pages={242--252},
  year={2000},
  organization={ACM}
}

@InProceedings{CzaplickiC13,
  author =          {Czaplicki,Evan and Chong,Stephen},
  title =           {Asynchronous Functional Reactive Programming for {GUI}s},
  booktitle =       {Proceedings of the 34th ACM SIGPLAN Conference on Programming Language Design and Implementation},
  year =            2013,
  month =           jun,
  pages =           {411--422},
  publisher =       {ACM Press},
  address =         {New York, NY, USA}
}

@article{bainomugisha2013survey,
  title={A survey on reactive programming},
  author={Bainomugisha, Engineer and Carreton, Andoni Lombide and Cutsem, Tom van and Mostinckx, Stijn and Meuter, Wolfgang de},
  journal={ACM Computing Surveys (CSUR)},
  volume={45},
  number={4},
  pages={52},
  year={2013},
  publisher={ACM}
}

@misc{reactbanana,
  title = {reactive-banana: Library for functional reactive programming (FRP)},
  howpublished = {\url{http://hackage.haskell.org/package/reactive-banana-0.1.0.0}},
  note = {Accessed: 01-11-2015},
  author = {Heinrich Apfelmus},
  year= {2011}
}

@article{czaplicki2012elm,
  title={Elm: Concurrent FRP for Functional GUIs},
  author={Czaplicki, Evan},
  journal={Master thesis, Harvard University},
  year={2012}
}

@book{o2008real,
  title={Real world haskell: Code you can believe in},
  author={O'Sullivan, Bryan and Goerzen, John and Stewart, Donald Bruce},
  year={2008},
  publisher={O'Reilly Media, Inc.},
  pages = {533--552}
}

@inproceedings{salvaneschi2014empirical,
  title={An empirical study on program comprehension with reactive programming},
  author={Salvaneschi, Guido and Amann, Sven and Proksch, Sebastian and Mezini, Mira},
  booktitle={Proceedings of the 22nd ACM SIGSOFT International Symposium on Foundations of Software Engineering},
  pages={564--575},
  year={2014},
  organization={ACM}
}

@misc{kraeutmann2015functional,
  title={Functional Reactive Programming and its application in Functional Game Programming},
  author={Kraeutmann, David and Kindermann, Philip},
  year={2015},
  howpublished={\url{http://verify.rwth-aachen.de/proseminar/PK15/ausarbeitungen/reactive_programming.pdf}}
}

@misc{reactglut,
  howpublished = {\url{http://hackage.haskell.org/package/reactive-glut}},
  title = {Connects Reactive and GLUT},
  year = {2008},
  author = {Elliott, Conal},
  note = {Accessed: 05-11-2015}
}

@misc{glut,
  howpublished = {\url{https://hackage.haskell.org/package/GLUT}},
  title = {GLUT: A binding for the OpenGL Utility Toolkit},
  year = {2014},
  author = {Panne,Sven},
  note = {Accessed: 03-11-2015}
}